@misc{androidDoc,
  key = {android},
  title = {Android Developers},
  note = {\url{https://developer.android.com}}
}
@misc{iosDoc,
  key = {ios},
  title = {{iOS} Developer},
  note = {\url{https://developer.apple.com}}
}
@misc{statOS,
  key = {os},
  title = {Syst√®me d'exploitation mobile},
  note = {\url{https://fr.wikipedia.org/wiki/Syst%C3%A8me_d%27exploitation_mobile}}
}